@misc{RPI,
	author = {{Raspberry Pi Foundation}},
	title = {Raspberry Pi 3 Model B+},
	url = {https://www.raspberrypi.org/products/raspberry-pi-3-model-b-plus/?resellerType=home},
	note = {Visitado el 2020-11-19},
	year = {2020}
}

@misc{NODEMCU,
	author = {{NodeMcu Team}},
	title = {NodeMcu Connect Things EASY},
	url = {https://www.nodemcu.com/index_en.html#fr_54747361d775ef1a3600000f},
	note = {Visitado el 2020-11-19},
	year = {2020}
}

@MISC{nrf24_protocol,
   author =	{{NORDIC Semiconductor}},
   title =	{Enhanced ShockBurst User Guide},
   url =	{http://developer.nordicsemi.com/nRF51_SDK/nRF51_SDK_v4.x.x/doc/html/group__esb__users__guide.html},
   note =	{Disponible: 2013-01-01},
 }

@misc{node_red,
	author = {{OpenJS Foundation}},
	title = {Node-RED},
	url = {https://nodered.org/#features},
	note = {Visitado el 2020-11-17},
	year = {2020}
}

@misc{firebase,
	author = {{Doug Stevenson}},
	title = {What is Firebase? The complete story, abridged.},
	url = {https://medium.com/firebase-developers/what-is-firebase-the-complete-story-abridged-bcc730c5f2c0},
	note = {Visitado el 2020-11-19},
	year = {2018}
}

@misc{sqlite,
	author = {{SQLite Consortium}},
	title = {What Is SQLite?},
	url = {https://www.sqlite.org/index.html},
	note = {Visitado el 2020-11-19},
	year = {2020}
}

@misc{node_gpio,
	author = {{Sara Santos}},
	title = {ESP8266 Pinout Reference: Which GPIO pins should you use?},
	url = {https://randomnerdtutorials.com/esp8266-pinout-reference-gpios/},
	note = {Visitado el 2020-11-19},
	year = {2020}
}

@MISC{rf24,
   author =	{{TMRh20}},
   title =	{Optimized high speed nRF24L01+ driver class documentation},
   url =	{http://tmrh20.github.io/RF24/},
   note =	{Disponible: 2020-08-21},
 }

@MISC{rf24mesh,
   author =	{{TMRh20}},
   title =	{RF24Mesh - Automated Networking for nrf24L01 radios},
   url =	{https://tmrh20.github.io/RF24Mesh/index.html},
   note =	{Disponible: 2020-08-16},
 }

@MISC{safelink,
   author =	{{Johnson Controls}},
   title =	{SafeLINC Internet Interface},
   url =	{https://simplex-fire.com/en/us/Pages/ProductDetail.aspx?productdetail=SafeLINC+Internet+Interface},
   note =	{Disponible: 2020-11-15},
 }

@MISC{haltel,
   author =	{{Hale Construcciones SRL}},
   title =	{Comunicador Universal para ALARMAS HT-7001},
   url =	{http://www.haltel.com.ar/ht-7001.html},
   note =	{Disponible: 2020-11-18},
 }

@MISC{uno,
   author =	{{SPHINX Computer Vertriebs-GmbH}},
   title =	{Fire Alarm System and Remote Monitoring System},
   url =	{https://www.sphinxcomputer.com/zeige_reddi_produkt.php?produkt_ID=231},
   note =	{Disponible: 2020-11-18},
 }

@MISC{discador,
   author =	{{Getterson Argentina S.A. }},
   title =	{Discador telefónico},
   url =	{http://www.getterson.com.ar/Product/201},
   note =	{Disponible: 2020-11-18},
 }

@MISC{nrf24guide,
   author =	{{diyprojects.io}},
   title =	{Guide, how to increase the range of nRF24L01 radio modules of MySensors v2 projects (hardware, configuration)},
   url =	{https://diyprojects.io/mysensors-v2-increase-range-nrf24l01-hardware-configuration/#.X7sHvcJBJuS},
   note =	{Disponible: 2016-11-25},
 }

@book{SPI,
	author={Microchip},
	title={Overview and Use of the PICmicro Serial Peripheral Interface},
	edition={1},
	url={http://ww1.microchip.com/downloads/en/devicedoc/spi.pdf},
	urldate={2020-11-15},
	publisher={Microchip},
	year={2020}
}

@MANUAL{nrf24l01_data,
    organization  = "NORDIC Semiconductor",
    title         = "nRF24L01+ Preliminary Product Specification",
    number        = "-",
    year          =  2008,
    note          = "Rev. 1.0"
}

@misc{osi,
	author = {{María del Carmen Romero Ternero}},
	title = {Tema 2El Modelo de referencia OSI (ISO 7498)Arquitecturas y modelos de referencia},
	url = {https://www.dte.us.es/personal/mcromero/docs/arc1/tema2-arc1.pdf},
	note = {Visitado el 2020-11-15},
	year = {2020}
}

@MANUAL{nfpa,
    organization  = "National Fire Protection Association",
    title         = "National Fire Alarm and Signaling Code",
    number        = "-",
    year          =  2013,
    note          = "2013 Edition"
}

@ARTICLE{deteccion,
    AUTHOR="José María Placeres",
    TITLE="Diseño de sistemas de detección y alarma de incendio",
    JOURNAL="Revista Negocios de Seguridad",
    YEAR="2015",
}

@ARTICLE{deteccion2,
    AUTHOR="rnds",
    TITLE="Sistemas contra incendios",
    JOURNAL="Revista Negocios de Seguridad",
    YEAR="2015",
}
